<record><leader>00000cas a22000007i 4500</leader><controlfield tag="001">908861026</controlfield><controlfield tag="006">m     o  d        </controlfield><controlfield tag="007">cr |||||||||||</controlfield><controlfield tag="008">150513d18751uuumiusr neo     0   a0eng  </controlfield><datafield ind1=" " ind2=" " tag="010"><subfield code="a">  2016201799</subfield></datafield><datafield ind1=" " ind2=" " tag="040"><subfield code="a">CRL</subfield><subfield code="b">eng</subfield><subfield code="e">pn</subfield><subfield code="e">rda</subfield><subfield code="c">CRL</subfield><subfield code="d">CRL</subfield><subfield code="d">EEM</subfield><subfield code="d">DLC</subfield><subfield code="d">OCLCQ</subfield></datafield><datafield ind1="0" ind2=" " tag="022"><subfield code="a">2470-8585</subfield><subfield code="2">1</subfield></datafield><datafield ind1=" " ind2=" " tag="042"><subfield code="a">pcc</subfield><subfield code="a">nsdp</subfield></datafield><datafield ind1=" " ind2=" " tag="043"><subfield code="a">n-us-mi</subfield></datafield><datafield ind1="1" ind2="0" tag="050"><subfield code="a">ISSN RECORD</subfield></datafield><datafield ind1="1" ind2="4" tag="050"><subfield code="a">S1</subfield><subfield code="b">.G7 Online</subfield></datafield><datafield ind1="0" ind2="0" tag="082"><subfield code="a">630</subfield><subfield code="2">23</subfield></datafield><datafield ind1="0" ind2=" " tag="130"><subfield code="a">Grange visitor (Schoolcraft, Mich. : Online)</subfield></datafield><datafield ind1=" " ind2="4" tag="222"><subfield code="a">The grange visitor</subfield><subfield code="b">(Schoolcraft, Mich. Online)</subfield></datafield><datafield ind1="1" ind2="4" tag="245"><subfield code="a">The grange visitor.</subfield></datafield><datafield ind1=" " ind2="1" tag="264"><subfield code="a">Schoolcraft, Mich. :</subfield><subfield code="b">Patrons of Husbandry, Michigan State Grange,</subfield><subfield code="c">1875-</subfield></datafield><datafield ind1=" " ind2=" " tag="300"><subfield code="a">1 online resource (volumes)</subfield></datafield><datafield ind1=" " ind2=" " tag="310"><subfield code="a">Semimonthly</subfield></datafield><datafield ind1=" " ind2=" " tag="336"><subfield code="a">text</subfield><subfield code="b">txt</subfield><subfield code="2">rdacontent</subfield></datafield><datafield ind1=" " ind2=" " tag="337"><subfield code="a">computer</subfield><subfield code="b">c</subfield><subfield code="2">rdamedia</subfield></datafield><datafield ind1=" " ind2=" " tag="338"><subfield code="a">online resource</subfield><subfield code="b">cr</subfield><subfield code="2">rdacarrier</subfield></datafield><datafield ind1="0" ind2=" " tag="362"><subfield code="a">Vol. 1, no. 3 (1875)-</subfield></datafield><datafield ind1=" " ind2=" " tag="500"><subfield code="a">Published at Schoolcraft, Mich., &lt;1883-1885&gt;; at Coldwater, Mich., &lt;1886-1887&gt;</subfield></datafield><datafield ind1=" " ind2=" " tag="515"><subfield code="a">Issues for &lt;Mar. 15, 1881-&gt; called also &lt;whole no. 101-&gt;</subfield></datafield><datafield ind1=" " ind2=" " tag="588"><subfield code="a">Description based on: Vol. 1, no. 3 (June 1875); title from caption (Center for Research Libraries website, viewed February 12, 2016).</subfield></datafield><datafield ind1=" " ind2=" " tag="588"><subfield code="a">Latest issue consulted: Vol. XXI, no. 24 (December 24, 1896) (viewed February 12, 2016).</subfield></datafield><datafield ind1=" " ind2="0" tag="650"><subfield code="a">Agriculture</subfield><subfield code="v">Newspapers.</subfield></datafield><datafield ind1=" " ind2="0" tag="651"><subfield code="a">Schoolcraft (Mich.)</subfield><subfield code="v">Newspapers.</subfield></datafield><datafield ind1=" " ind2="0" tag="651"><subfield code="a">Coldwater (Mich.)</subfield><subfield code="v">Newspapers.</subfield></datafield><datafield ind1=" " ind2="0" tag="651"><subfield code="a">Branch County (Mich.)</subfield><subfield code="v">Newspapers.</subfield></datafield><datafield ind1=" " ind2="0" tag="651"><subfield code="a">Kalamazoo County (Mich.)</subfield><subfield code="v">Newspapers.</subfield></datafield><datafield ind1=" " ind2="7" tag="650"><subfield code="a">Agriculture.</subfield><subfield code="2">fast</subfield><subfield code="0">(OCoLC)fst00801355</subfield></datafield><datafield ind1=" " ind2="7" tag="651"><subfield code="a">Michigan</subfield><subfield code="z">Branch County.</subfield><subfield code="2">fast</subfield><subfield code="0">(OCoLC)fst01214762</subfield></datafield><datafield ind1=" " ind2="7" tag="651"><subfield code="a">Michigan</subfield><subfield code="z">Coldwater.</subfield><subfield code="2">fast</subfield><subfield code="0">(OCoLC)fst01217192</subfield></datafield><datafield ind1=" " ind2="7" tag="651"><subfield code="a">Michigan</subfield><subfield code="z">Kalamazoo County.</subfield><subfield code="2">fast</subfield><subfield code="0">(OCoLC)fst01204722</subfield></datafield><datafield ind1=" " ind2="7" tag="651"><subfield code="a">Michigan</subfield><subfield code="z">Schoolcraft.</subfield><subfield code="2">fast</subfield><subfield code="0">(OCoLC)fst01220583</subfield></datafield><datafield ind1=" " ind2="7" tag="655"><subfield code="a">Newspapers.</subfield><subfield code="2">fast</subfield><subfield code="0">(OCoLC)fst01423814</subfield></datafield><datafield ind1=" " ind2=" " tag="752"><subfield code="a">United States</subfield><subfield code="b">Michigan</subfield><subfield code="c">Branch</subfield><subfield code="d">Schoolcraft.</subfield></datafield><datafield ind1=" " ind2=" " tag="752"><subfield code="a">United States</subfield><subfield code="b">Michigan</subfield><subfield code="c">Kalamazoo</subfield><subfield code="d">Coldwater.</subfield></datafield><datafield ind1="0" ind2="8" tag="776"><subfield code="i">Print version:</subfield><subfield code="t">Grange visitor (Schoolcraft, Mich.)</subfield><subfield code="x">2470-8577</subfield><subfield code="w">(DLC)sn 98058053</subfield><subfield code="w">(OCoLC)13778104</subfield></datafield><datafield ind1="0" ind2="0" tag="780"><subfield code="t">Circular of the Executive committee of the Michigan State Grange</subfield></datafield><datafield ind1="4" ind2="0" tag="856"><subfield code="3">Center for Research Libraries: v.1-12 (June 1875-1887); v.14, no.15 (Aug 1, 1888) v.15, no.9-v.21 (May 1890-1896)</subfield><subfield code="u">https://dds.crl.edu/crldelivery/24167</subfield><subfield code="z">Center for Research Libraries: v.1-12 (June 1875-1887); v.14, no.15 (Aug 1, 1888) v.15, no.9-v.21 (May 1890-1896)</subfield></datafield></record>